@book{chmyhalo,
  title={Программирование на языке С++ в среде Qt Creator},
  author={Алексеев, ЕР and Злобин, ГГ and Костюк, ДА and Чеснокова, ОВ and Чмыхало, АС},
  journal={М.: Альт Линукс},
  year={2015}
}

@Online{wiki-block-scheme,
	title = {Блок-схема},
	journaltitle = {Википедия},
	year = 2018,
	url = {https://ru.wikipedia.org/wiki/Блок-схема},
	urldate = {2018-03-12},
	language = {russian},
	langid = {russian},
}

@REFERENCE{gost-block-scheme,
	heading = {ГОСТ 19.701-90},
	title = {Схемы алгоритмов, программ, данных и систем. Условные обозначения и правила выполнения},
	media = {text},
	location = {М.},
	publisher = {Государственный комитет СССР по управлению качеством продукции и стандартам},
	specdata = {Взамен ГОСТ 19.002-80 и ГОСТ 19.003-80 ; введ. 26.12.90},
	year = {1991},
	pagetotal = {27},
	langid = {russian},
}

